% This file was created with JabRef 2.10.
% Encoding: UTF8


@Article{Bib2014,
  Title                    = {Their second paper},
  Author                   = {Bib, Name and LastName, FirstName and Author, Another},
  Journal                  = {Some journal},
  Year                     = {2014},
  Month                    = {Oct},
  Note                     = {Oct 15, 2014},
  Number                   = {1},
  Pages                    = {876--89},
  Volume                   = {22},

}

@InProceedings{Bib2013,
  Title                    = {Their first paper},
  Author                   = {Bib2, Name and LastName, FirstName and Author, Another},
  Booktitle                = {Some conference proceedings},
  Year                     = {2013},
  Month                    = {June},
  Note                     = {June 20, 2013},
  Number                   = {1},
  Pages                    = {12--18},
  Volume                   = {3}
}
